<record xmlns="http://www.loc.gov/MARC21/slim" xmlns:xsi="http://www.w3.org/2001/XMLSchema-instance" xsi:schemaLocation="http://www.loc.gov/MARC21/slim http://www.loc.gov/standards/marcxml/schema/MARC21slim.xsd"><leader>     nam a22        4500</leader><controlfield tag="001">3076959</controlfield><controlfield tag="003">NNC</controlfield><controlfield tag="006">m        d        </controlfield><controlfield tag="007">cr cn |||m|||a</controlfield><controlfield tag="008">150316s1906    ua      o     000 0 ara d</controlfield><datafield ind1=" " ind2=" " tag="040"><subfield code="a">NNU</subfield><subfield code="b">eng</subfield><subfield code="e">rda</subfield><subfield code="c">NNU</subfield></datafield><datafield ind1="1" ind2=" " tag="100"><subfield code="6">880-01</subfield><subfield code="a">Qa&#772;li&#772;, Abu&#772; &#699;Ali&#772; Isma&#772;&#699;i&#772;l ibn al-Qa&#772;sim,</subfield><subfield code="d">901?-967?</subfield></datafield><datafield ind1="1" ind2="0" tag="240"><subfield code="6">880-02</subfield><subfield code="a">Dhayl al-Ama&#772;li&#772; wa-al-Nawa&#772;dir</subfield></datafield><datafield ind1="1" ind2="0" tag="245"><subfield code="6">880-03</subfield><subfield code="a">Kita&#772;b Dhayl al-Ama&#772;li&#772; wa-al-Nawa&#772;dir /</subfield><subfield code="c">ta&#700;li&#772;f Abi&#772; &#699;Ali&#772; Isma&#772;&#699;i&#772;l ibn al-Qa&#772;sim al-Qa&#772;li&#772; al-Baghda&#772;di&#772;.</subfield></datafield><datafield ind1=" " ind2=" " tag="260"><subfield code="6">880-04</subfield><subfield code="a">Bu&#772;la&#772;q Mis&#803;r :</subfield><subfield code="b">al-Mat&#803;ba&#699;ah al-Ami&#772;ri&#772;yah,</subfield><subfield code="c">1324 h. [1906]</subfield></datafield><datafield ind1=" " ind2=" " tag="300"><subfield code="a">online resource (232 pages)</subfield></datafield><datafield ind1=" " ind2=" " tag="336"><subfield code="a">text</subfield><subfield code="2">rdacontent</subfield></datafield><datafield ind1=" " ind2=" " tag="337"><subfield code="a">computer</subfield><subfield code="2">rdamedia</subfield></datafield><datafield ind1=" " ind2=" " tag="338"><subfield code="a">online resource</subfield><subfield code="2">rdacarrier</subfield></datafield><datafield ind1=" " ind2=" " tag="500"><subfield code="a">Part of the Arabic Collections Online (ACO) project, contributed by Columbia University Libraries.</subfield></datafield><datafield ind1=" " ind2=" " tag="533"><subfield code="a">Electronic reproduction.</subfield><subfield code="b">New York, N.Y. :</subfield><subfield code="c">New York University,</subfield><subfield code="d">2015.</subfield><subfield code="5">NNU</subfield></datafield><datafield ind1=" " ind2="0" tag="650"><subfield code="a">Arabic philology</subfield><subfield code="v">Early works to 1800.</subfield></datafield><datafield ind1=" " ind2="7" tag="650"><subfield code="a">Arabic philology.</subfield><subfield code="2">fast</subfield><subfield code="0">(OCoLC)fst00812526</subfield></datafield><datafield ind1=" " ind2="7" tag="655"><subfield code="a">Early works.</subfield><subfield code="2">fast</subfield><subfield code="0">(OCoLC)fst01411636</subfield></datafield><datafield ind1="2" ind2=" " tag="710"><subfield code="a">Columbia University.</subfield><subfield code="b">Libraries.</subfield></datafield><datafield ind1="0" ind2=" " tag="730"><subfield code="a">Arabic Collections Online.</subfield></datafield><datafield ind1="0" ind2="8" tag="776"><subfield code="i">Online version:</subfield><subfield code="a">Qa&#772;li&#772;, Abu&#772; &#699;Ali&#772; Isma&#772;&#699;i&#772;l ibn al-Qa&#772;sim, 901?-967?</subfield><subfield code="s">Dhayl al-Ama&#772;li&#772; wa-al-Nawa&#772;dir.</subfield><subfield code="t">Kita&#772;b Dhayl al-Ama&#772;li&#772; wa-al-Nawa&#772;dir.</subfield><subfield code="d">Bu&#772;la&#772;q-Mis&#803;r, al-Mat&#803;ba&#699;ah al-Ami&#772;ri&#772;yah, 1324 h. [1906]</subfield><subfield code="w">(OCoLC)780149639</subfield></datafield><datafield ind1="0" ind2="8" tag="776"><subfield code="i">Print version:</subfield><subfield code="a">Qa&#772;li&#772;, Abu&#772; &#699;Ali&#772; Isma&#772;&#699;i&#772;l ibn al-Qa&#772;sim, 901?-967?</subfield><subfield code="t">Kita&#772;b Dhayl al-Ama&#772;li&#772; wa-al-Nawa&#772;dir</subfield><subfield code="w">(NNC)3076959</subfield><subfield code="w">(OCoLC)47865659</subfield></datafield><datafield ind1="4" ind2="0" tag="856"><subfield code="u">http://hdl.handle.net/2333.1/ghx3fhq4</subfield></datafield><datafield ind1="1" ind2=" " tag="880"><subfield code="6">100-01/r</subfield><subfield code="a">&#1602;&#1575;&#1604;&#1610;&#1548; &#1575;&#1576;&#1608; &#1593;&#1604;&#1610; &#1575;&#1587;&#1605;&#1575;&#1593;&#1610;&#1604; &#1576;&#1606; &#1575;&#1604;&#1602;&#1575;&#1587;&#1605;&#1548;</subfield><subfield code="d">901&#1567;967&#1567;</subfield></datafield><datafield ind1="1" ind2="0" tag="880"><subfield code="6">240-02/r</subfield><subfield code="a">&#1584;&#1610;&#1604; &#1575;&#1604;&#1575;&#1605;&#1575;&#1604;&#1610; &#1608;&#1575;&#1604;&#1606;&#1608;&#1575;&#1583;&#1585;</subfield></datafield><datafield ind1="1" ind2="0" tag="880"><subfield code="6">245-03/r</subfield><subfield code="a">&#1603;&#1578;&#1575;&#1576; &#1584;&#1610;&#1604; &#1575;&#1604;&#1575;&#1605;&#1575;&#1604;&#1610; &#1608;&#1575;&#1604;&#1606;&#1608;&#1575;&#1583;&#1585; /</subfield><subfield code="c">&#1578;&#1571;&#1604;&#1610;&#1601; &#1575;&#1576;&#1610; &#1593;&#1604;&#1610; &#1575;&#1587;&#1605;&#1575;&#1593;&#1610;&#1604; &#1576;&#1606; &#1575;&#1604;&#1602;&#1575;&#1587;&#1605; &#1575;&#1604;&#1602;&#1575;&#1604;&#1610; &#1575;&#1604;&#1576;&#1594;&#1583;&#1575;&#1583;&#1610;.</subfield></datafield><datafield ind1=" " ind2=" " tag="880"><subfield code="6">260-04/r</subfield><subfield code="a">&#1576;&#1608;&#1604;&#1575;&#1602; &#1605;&#1589;&#1585; :</subfield><subfield code="b">&#1575;&#1604;&#1605;&#1591;&#1576;&#1593;&#1577; &#1575;&#1604;&#1575;&#1605;&#1610;&#1585;&#1610;&#1577;&#1548;</subfield><subfield code="c">1324 &#1607;. [1906]</subfield></datafield><datafield ind1=" " ind2=" " tag="959"><subfield code="a">NNU</subfield><subfield code="b">WEB</subfield><subfield code="c">GENI</subfield><subfield code="t">0</subfield><subfield code="m">Electronic access</subfield><subfield code="s">01</subfield></datafield><datafield ind1=" " ind2=" " tag="999"><subfield code="i">NNC_3076959</subfield><subfield code="o">(OCoLC)ocm47865659</subfield><subfield code="e">(ERROR-880)</subfield><subfield code="s">columbia_aco000381</subfield></datafield></record>